@Article{Maxwell1865,
	doi = {10.1098/rstl.1865.0008},
	url = {https://doi.org/10.1098%2Frstl.1865.0008},
	year = 1865,
	month = {jan},
	publisher = {The Royal Society},
	volume = {155},
	number = {0},
	pages = {459--512},
	author = {J. C. Maxwell},
	title = {A Dynamical Theory of the Electromagnetic Field},
	journal = {Philosophical Transactions of the Royal Society of London}
}

@Article{Molloy+Etal:2022,
  title = {The MOBIS Dataset: A Large GPS Dataset of Mobility Behaviour in Switzerland},
  author = {Joseph Molloy and Alberto Castro and Thomas G{\"o}tschi and Beaumont Schoeman and Christopher Tchervenkov and Uros Tomic and Beat Hintermann and Kay W. Axhausen},
  journal = {Transportation},
  year = {2022},
  volume = {50},
  number = {},
  pages = {1983--2007},
  doi = {10.1007/s11116-022-10299-4},
}

@Article{Paul+Etal:2022,
  title = {Impact of COVID-19 on Daily Travel Behaviour: A Literature Review},
  author = {Tonmoy Paul and Rohit Chakraborty and Nafis Anwari},
  journal = {Transportation Safety and Environment},
  year = {2022},
  volume = {4},
  number = {2},
  pages = {tdac013},
  doi = {10.1093/tse/tdac013},
}

@Article{Abdullah+Etal:2020,
  title = {Exploring the Impacts of COVID-19 on Travel Behavior and Mode Preferences},
  author = {Muhammad Abdullah and Charitha Dias and Deepti Muley and Md Shahin},
  journal = {Transportation Research Interdisciplinary Perspectives},
  year = {2020},
  volume = {8},
  number = {},
  pages = {100255},
  doi = {10.1016/j.trip.2020.100255},
}

@Article{Molloy+Etal:2021,
  title = {Observed Impacts of the Covid-19 First Wave on Travel Behaviour in Switzerland Based on a Large GPS Panel},
  author = {Joseph Molloy and Thomas Schatzmann and Beaumont Schoeman and Christopher Tchervenkov and Beat Hintermann and Kay W. Axhausen},
  journal = {Transport Policy},
  year = {2021},
  volume = {104},
  number = {},
  pages = {43--51},
  doi = {10.1016/j.tranpol.2021.01.009},
}

@Article{Meister+Etal:2022,
  title = {Modeling Urban Mode Choice Behavior During the COVID-19 Pandemic in Switzerland Using Mixed Multiple Discrete-Continuous Extreme Value Models},
  author = {Adrian Meister and Aupal Mondal and Katherine E. Asmussen and Chandra Bhat and Kay W. Axhausen},
  journal = {Transportation Research Record},
  year = {2022},
  volume = {2678},
  number = {12},
  pages = {84--95},
  doi = {10.1177/03611981221089545},
}

@Article{Currie+Etal:2021,
  title = {Evidence of a Post-COVID Change in Travel Behaviour--Self-reported Expectations of Commuting in Melbourne},
  author = {Graham Currie and Taru Jain and Laura Aston},
  journal = {Transportation Research Part A: Policy and Practice},
  year = {2021},
  volume = {153},
  number = {},
  pages = {218--234},
  doi = {10.1016/j.tra.2021.09.009},
}

@Article{Shamshiripour+Etal:2020,
  title = {How is COVID-19 Reshaping Activity-Travel Behavior? Evidence from a Comprehensive Survey in Chicago},
  author = {Ali Shamshiripour and Ehsan Rahimi and Ramin Shabanpour and Abolfazl K. Mohammadian},
  journal = {Transportation Research Interdisciplinary Perspectives},
  year = {2020},
  volume = {7},
  number = {},
  pages = {100216},
  doi = {10.1016/j.trip.2020.100216},
}

@Article{Beck+Etal:2020,
  title = {Slowly Coming out of COVID-19 Restrictions in Australia: Implications for Working from Home and Commuting Trips by Car and Public Transport},
  author = {Matthew J. Beck and David A. Hensher and Edward Wei},
  journal = {Journal of Transport Geography},
  year = {2020},
  volume = {88},
  number = {},
  pages = {102846},
  doi = {10.1016/j.jtrangeo.2020.102846},
}

@Article{Bhat:2005,
  title = {A Multiple Discrete-Continuous Extreme Value Model: Formulation and Application to Discretionary Time-Use Decisions},
  author = {Chandra R. Bhat},
  journal = {Transportation Research Part B: Methodological},
  year = {2005},
  volume = {39},
  number = {8},
  pages = {679--707},
  doi = {10.1016/j.trb.2004.08.003},
}

@Article{Bhat:2008,
  title = {The Multiple Discrete-Continuous Extreme Value (MDCEV) Model: Role of Utility Function Parameters, Identification Considerations, and Model Extensions},
  author = {Chandra R. Bhat},
  journal = {Transportation Research Part B: Methodological},
  year = {2008},
  volume = {42},
  number = {3},
  pages = {274--303},
  doi = {10.1016/j.trb.2007.06.002},
}

@Article{Hess+Palma:2019,
  title = {Apollo: A Flexible, Powerful and Customisable Freeware Package for Choice Model Estimation and Application},
  author = {Stephane Hess and David Palma},
  journal = {Journal of Choice Modeling},
  year = {2019},
  volume = {32},
  number = {},
  pages = {100170},
  doi = {10.1016/j.jocm.2019.100170},
}

@Article{Salomon:1986,
  title = {Telecommunications and Travel Relationships: A Review},
  author = {Ilan Salomon},
  journal = {Transportation Research Part A: General},
  year = {1986},
  volume = {20},
  number = {3},
  pages = {223--238},
  doi = {10.1016/0191-2607(86)90096-8},
}

@Article{Hook+Etal:2020,
  title = {A Systematic Review of the Energy and Climate Impacts of Teleworking},
  author = {Andrew Hook and Victor Court and Benjamin K. Sovacool and Steve Sorrell},
  journal = {Environmental Research Letters},
  year = {2020},
  volume = {15},
  number = {9},
  pages = {093003},
  doi = {10.1088/1748-9326/ab8a84},
}

@Article{Barrero+Etal:2023,
  title = {The Evolution of Work From Home},
  author = {Jos{\'e} M. Barrero and Nicholas Bloom and Steven J. Davis},
  journal = {Journal of Economic Perspectives},
  year = {2023},
  volume = {37},
  number = {4},
  pages = {23--50},
  doi = {10.1257/jep.37.4.23},
}

@Article{Asmussen+Etal:2023,
  title = {On Modeling Future Workplace Location Decisions: An Analysis of Texas Employees},
  author = {Katherine E. Asmussen and Aupal Mondal and Chandra R. Bhat and Ram M. Pendyala},
  journal = {Transportation Research Part A: Policy and Practice},
  year = {2023},
  volume = {172},
  pages = {103671},
  doi = {10.1016/j.tra.2023.103671},
}

@Article{Dingel+Neiman:2020,
  title = {How Many Jobs Can Be Done at Home?},
  author = {Jonathan I. Dingel and Brent Neiman},
  journal = {Journal of Public Economics},
  year = {2020},
  volume = {189},
  pages = {104235},
  doi = {10.1016/j.jpubeco.2020.104235},
}

@Article{Groen+Etal:2018,
  title = {Managing Flexible Work Arrangements: Teleworking and Output Controls},
  author = {Bianca A. Groen and Sander P. Van Triest and Michael Coers and Neeke Wtenweerde},
  journal = {European Management Journal},
  year = {2018},
  volume = {36},
  number = {6},
  pages = {727--735},
  doi = {10.1016/j.emj.2018.01.007},
}

@Article{Cetrulo+Etal:2020,
  title = {The Privilege of Working From Home at the Time of Social Distancing},
  author = {Armanda Cetrulo and Dario Guarascio and Maria E. Virgillito},
  journal = {Intereconomics},
  year = {2020},
  volume = {55},
  pages = {142--147},
  doi = {10.1007/s10272-020-0891-3},
}

@Article{Brewer+Hensher:2020,
  title = {Distributed Work and Travel Behaviour: The Dynamics of Interactive Agency Choices between Employers and Employees},
  author = {Ann M. Brewer and David A. Hensher},
  journal = {Transportation},
  year = {2020},
  volume = {27},
  pages = {117--148},
  doi = {10.1023/A:1005248429131},
}

@Article{Mokhtarian+Salomon:1996,
  title = {Modeling the Choice of Telecommuting: 2. A Case of the Preferred Impossible Alternative},
  author = {Patricia L. Mokhtarian and Ilan Salomon},
  journal = {Environment and Planning A: Economy and Space},
  year = {1996},
  volume = {28},
  number = {10},
  pages = {1859--1876},
  doi = {10.1068/a281859},
}

@Article{Nilles:1988,
  title = {Traffic Reduction by Telecommuting: A Status Review and Selected Bibliography},
  author = {Jack M. Nilles},
  journal = {Transportation Research Part A: General},
  volume = {22},
  year = {1988},
  number = {4},
  pages = {301--317},
  doi = {10.1016/0191-2607(88)90008-8},
}

@Article{Olson:1989,
  title = {Work at Home for Computer Professionals: Current Attitudes and Future Prospects},
  author = {Margrethe H. Olson},
  journal = {ACM Transactions on Information Systems},
  year = {1989},
  volume = {7},
  number = {4},
  pages = {317--338},
  doi = {10.1145/76158.76891},
}

@Phdthesis{Bernardino:1995,
  title = {Adoption of Telecommuting: Modeling the Employer's and the Employee's Decision Processes},
  author = {Adriana T. Bernardino},
  year = {1995},
  school = {MIT},
  address = {Cambridge},
  doi = {},
}

@Article{Bernardino+Etal:1993,
  title = {Stated Preference Approach to Modeling the Adoption of Telecommuting},
  author = {Adriana T. Bernardino and Moshe Ben-Akiva and Ilan Salomon},
  journal = {Transportation Research Record},
  year = {1993},
  volume = {1413},
  pages = {22--30},
  doi = {},
}

@Article{Kahneman+Tversky:1979,
  title = {Prospect Theory: An Analysis of Decision under Risk},
  author = {Daniel Kahneman and Amos Tversky},
  journal = {Econometrica},
  year = {1979},
  volume = {47},
  number = {2},
  pages = {263--292},
  doi = {10.2307/1914185},
}

@Article{Sullivan+Etal:1993,
  title = {Choice Model of Employee Participation in Telecommuting under a Cost-Neutral Scenario},
  author = {Mark A. Sullivan and Hani S. Mahmassani and Jin-Ru Yen},
  journal = {Transportation Research Record},
  year = {1993},
  volume = {1413},
  pages = {42--48},
  doi = {},
}

@Article{Appel+Etal:2022,
  title = {How to Attract Employees Back to the Office? A Stated Choice Study on Hybrid Working Preferences},
  author = {Rianne Appel-Meulenbroek and Astrid Kemperman and Amke van de Water and Minou Weijs-Perr{\'e}e and Jan Verhaegh},
  journal = {Journal of Environmental Psychology},
  year={2022},
  volume = {81},
  pages = {101784},
  doi = {10.1016/j.jenvp.2022.101784},
}

@Article{,
  title = {},
  author = {},
  journal = {},
  year = {},
  volume = {},
  number = {},
  pages = {},
  doi = {},
}
