@Article{Heimgartner+Axhausen:2023a*,
  title = {Modal Splits Before, During, and After the Pandemic in Switzerland},
  author = {Daniel Heimgartner and Kay W. Axhausen},
  journal = {Transportation Research Record},
  year = {2023},
  volume = {2678},
  number = {7},
  pages = {1084--1099},
  doi = {10.1177/03611981231212192},
}

@Article{Heimgartner+Axhausen:2024a*,
  title = {Multimodality in the Swiss New Normal: Data Collection Methods and Response Behavior in a Multi-Stage Survey with Linked Stated Preference Designs},
  author = {Daniel Heimgartner and Kay W. Axhausen},
  journal = {Transportation},
  year = {2024},
  volume = {},
  number = {},
  pages = {},
  doi = {},
  note = {under review}
}

@Article{Heimgartner+Axhausen:2024b*,
  title = {Predicting Response Rates Once Again},
  author = {Daniel Heimgartner and Kay W. Axhausen},
  journal = {Transport Findings},
  year = {2024},
  volume = {},
  number = {},
  pages = {},
  doi = {10.32866/001c.125481},
}

@Article{Heimgartner+Wang:2025a*,
  title = {\pkg{OPSR}: A Package for Estimating Ordered Probit Switching Regression Models in \proglang{R}},
  author = {Daniel Heimgartner and Xinyi Wang},
  journal = {Journal of Statistical Software},
  year = {2024},
  volume = {},
  number = {},
  pages = {},
  doi = {},
  note = {submitted}
}

@Article{Heimgartner+Axhausen:2025*,
  title = {All Models are Wrong, Some Models are Wronger: On the Importance of Accounting for Self-Selection when Estimating Telework Treatment Effects},
  author = {Daniel Heimgartner and Kay W. Axhausen},
  journal = {Transportation Research Part B: Methodological},
  year = {2025},
  volume = {},
  number = {},
  pages = {},
  doi = {},
  note = {submitted}
}

@Inproceedings{Heimgartner+Schmid+Axhausen:2022*,
  title = {Modeling Home Office Preferences and the Implications for Transport Demand},
  author = {Daniel Heimgartner and Basil Schmid and Kay W. Axhausen},
  booktitle = {22nd Swiss Transport Research Conference (STRC 2022)},
  year = {2022},
  address = {Ascona, Switzerland},
  doi = {10.3929/ethz-b-000548591},
}

@Inproceedings{Heimgartner+Etal:2022*,
  title = {Multimodality in the Swiss New Normal},
  author = {Daniel Heimgartner and Basil Schmid and Milo{\v{s}} Bala{\'c} and Kay W. Axhausuen},
  booktitle = {Center for Sustainable Future Mobility: Kick-off Symposium (CSFM 2022)},
  year = {2022},
  address = {Z{\"u}rich, Switzerland},
  doi = {10.3929/ethz-b-000546013},
}

@Inproceedings{Heimgartner+Etal:2023a*,
  title = {Home Office Frequency and Mobility Tool Ownership Choices},
  author = {Daniel Heimgartner and Aurore Sallard and Milo{\v{s}} Bala{\'c} and Kay W. Axhausuen},
  booktitle = {Center for Sustainable Future Mobility Symposium (CSFM 2023)},
  year = {2023},
  address = {Z{\"u}rich, Switzerland},
  doi = {10.3929/ethz-b-000615294},
}

@Inproceedings{Heimgartner+Axhausen:2023b*,
  title = {To Consider or not to Consider? An Endogenous Choice Set Formation Approach to Model the Home Office Frequency Decision},
  author = {Daniel Heimgartner and Kay W. Axhausen},
  booktitle = {23rd Swiss Transport Research Conference (STRC 2023)},
  year = {2023},
  address = {Ascona, Switzerland},
  doi = {10.3929/ethz-b-000612933},
}

@Inproceedings{Heimgartner+Axhausen:2023c*,
  title = {Contributions of Can, May and Want to the Home Office Frequency Decision},
  author = {Daniel Heimgartner and Kay W. Axhausen},
  booktitle = {11th Symposium of the European Association for Research in Transportation (hEART 2023)},
  year = {2023},
  address = {Z{\"u}rich, Switzerland},
  doi = {10.3929/ethz-b-000634103},
}

@Inproceedings{Heimgartner+Axhausen:2023d*,
  title = {Understanding Modal Splits Before, During, and After the Pandemic},
  author = {Daniel Heimgartner and Kay W. Axhausen},
  booktitle = {102nd Annual Meeting of the Transport Research Board (TRB 2023)},
  year = {2023},
  address = {Washington, D.C.},
  doi = {10.3929/ethz-b-000561724},
}

@Inproceedings{Heimgartner+Axhausen:2024c*,
  title = {Hybrid Work Arrangement Choices and its Implications for Home Office Frequencies},
  author = {Daniel Heimgartner and Kay W. Axhausen},
  booktitle = {103rd Annual Meeting of the Transport Research Board (TRB 2024)},
  year = {2024},
  address = {Washington, D.C.},
  doi = {10.3929/ethz-b-000635243},
}

@Inproceedings{Heimgartner+Lichtin+Axhausen:2024*,
  title = {Preferred Strategies to Reduce CO2-Emissions by 30\%: Insights from a Multiple Discrete-Continuous Extreme Value Model},
  author = {Daniel Heimgartner and Florian Lichtin and Kay W. Axhausen},
  booktitle = {24th Swiss Transport Research Conference (STRC 2024)},
  year = {2024},
  address = {Ascona, Switzerland},
  doi = {10.3929/ethz-b-000681413},
}

@Techreport{Lichtin+Etal:2025*,
  title = {Identifying Acceptable and Effective Behavioral Changes for Climate Change Mitigation},
  author = {Florian Lichtin and Daniel Heimgartner and Keith E. Smith and Thomas Bernauer and Kay W. Axhausen},
  institution = {ISTP, ETH Z{\"u}rich},
  year = {2025},
  type = {Unpublished Manuscript}
}

@Article{Foo*,
  title = {Identifying Acceptable and Effective Behavioral Changes for Climate Change Mitigation},
  author = {Florian Lichtin and Daniel Heimgartner and Keith E. Smith and Thomas Bernauer and Kay W. Axhausen},
  journal = {Nature Climate Change},
  year = {2025},
  volume = {},
  number = {},
  pages = {},
  doi = {},
  note = {submitted}
}

@Techreport{Heimgartner+Etal:2024*,
  title = {Multimodality in the Swiss New Normal (SNN)},
  author = {Daniel Heimgartner and Aurore Sallard and Milo{\v{s}} Bala{\'c} and Kay W. Axhausen},
  institution = {CSFM, ETH Z{\"u}rich},
  type = {Future Mobility Research Program},
  number = {},
  year = {2024},
  doi = {10.3929/ethz-b-000674149},
}

@Manual{Heimgartner:2022*,
  title = {\pkg{surveytools}: \pkg{SurveyJS} Wrapper for \pkg{shiny}},
  author = {Daniel Heimgartner},
  year = {2022},
  note = {\proglang{R} package version 0.0.0.9000},
  url = {https://github.com/dheimgartner/surveytools},
}

@Manual{Heimgartner:2024a*,
  title = {\pkg{Heimisc}: Heimgartner Miscellaneous},
  author = {Daniel Heimgartner},
  year = {2024},
  note = {\proglang{R} package version 0.1.0},
  url = {https://github.com/dheimgartner/Heimisc},
}

@Manual{Heimgartner:2024b*,
  title = {\pkg{responseRateAnalyis}: A Collective Effort Towards Understanding Response Rates},
  author = {Daniel Heimgartner},
  year = {2024},
  note = {\proglang{R} package version 0.1.0},
  url = {https://github.com/dheimgartner/responseRateAnalysis},
}

@Manual{Heimgartner:2025a*,
  title = {\pkg{snndata}: Data for the Swiss New Normal},
  author = {Daniel Heimgartner},
  year = {2025},
  note = {\proglang{R} package version 0.2.0},
  url = {https://gitlab.ethz.ch/daniehei/snndata},
}

@Manual{Heimgartner+Reiffer:2025*,
  title = {\pkg{TUplus}: Reorganizing the TimeUse+ Data},
  author = {Daniel Heimgartner and Anna Reiffer},
  year = {2025},
  note = {\proglang{R} package version 0.1.2},
  url = {https://gitlab.ethz.ch/daniehei/TUplus},
}

@Manual{Heimgartner+Wang:2025b*,
  title = {\pkg{OPSR}: Ordered Probit Switching Regression},
  author = {Daniel Heimgartner and Xinyi Wang},
  year = {2025},
  note = {\proglang{R} package version 0.2.0},
  url = {https://CRAN.R-project.org/package=OPSR},
}

@Manual{Heimgartner:2025b*,
  title = {\pkg{OPSRtools}: Tools for \pkg{OPSR}},
  author = {Daniel Heimgartner},
  year = {2025},
  note = {\proglang{R} package version 0.1.0},
  url = {https://github.com/dheimgartner/OPSRtools},
}

@Manual{Heimgartner:2025c*,
  title = {\pkg{paperPackage}: Scaffold an Academic Paper Vignette},
  author = {Daniel Heimgartner},
  year = {2025},
  note = {\proglang{R} package version 0.1.0},
  url = {https://github.com/dheimgartner/paperPackage},
}

